<?xml version="1.0" encoding="UTF-8"?><record xmlns="http://www.loc.gov/MARC21/slim" xmlns:cinclude="http://apache.org/cocoon/include/1.0" xmlns:zs="http://www.loc.gov/zing/srw/">
  <leader>00354nz  a2200133n  4500</leader>
  <controlfield tag="001">no2005026040</controlfield>
  <controlfield tag="003">DLC</controlfield>
  <controlfield tag="005">20050318051838.0</controlfield>
  <controlfield tag="008">050317n| acannaabn          |n aaa     c</controlfield>
  <datafield tag="010" ind1=" " ind2=" ">
    <subfield code="a">no2005026040</subfield>
  </datafield>
  <datafield tag="035" ind1=" " ind2=" ">
    <subfield code="a">(OCoLC)oca06586224</subfield>
  </datafield>
  <datafield tag="040" ind1=" " ind2=" ">
    <subfield code="a">IAhCCS</subfield>
    <subfield code="b">eng</subfield>
    <subfield code="c">IAhCCS</subfield>
  </datafield>
  <datafield tag="100" ind1="1" ind2=" ">
    <subfield code="a">Hill, Nancy M.</subfield>
  </datafield>
  <datafield tag="670" ind1=" " ind2=" ">
    <subfield code="a">It's all about cards &amp; tags, c2004:</subfield>
    <subfield code="b">t.p. (Nancy M. Hill)</subfield>
  </datafield>
</record>